<?xml version="1.0" encoding="UTF-8"?><record xmlns="http://www.loc.gov/MARC21/slim" xmlns:cinclude="http://apache.org/cocoon/include/1.0" xmlns:zs="http://www.loc.gov/zing/srw/">
  <leader>00435nz  a2200133n  4500</leader>
  <controlfield tag="001">no2005048027</controlfield>
  <controlfield tag="003">DLC</controlfield>
  <controlfield tag="005">20050521071125.0</controlfield>
  <controlfield tag="008">050520n| acannaabn          |n ana     c</controlfield>
  <datafield tag="010" ind1=" " ind2=" ">
    <subfield code="a">no2005048027</subfield>
  </datafield>
  <datafield tag="035" ind1=" " ind2=" ">
    <subfield code="a">(OCoLC)oca06638766</subfield>
  </datafield>
  <datafield tag="040" ind1=" " ind2=" ">
    <subfield code="a">InU</subfield>
    <subfield code="b">eng</subfield>
    <subfield code="c">InU</subfield>
  </datafield>
  <datafield tag="110" ind1="2" ind2=" ">
    <subfield code="a">Geological Survey (U.S.).</subfield>
    <subfield code="b">Physiographic Committee</subfield>
  </datafield>
  <datafield tag="670" ind1=" " ind2=" ">
    <subfield code="a">Physical divisions of the United States, 1949:</subfield>
    <subfield code="b">map recto (Physiographic Committee of the Geological Survey)</subfield>
  </datafield>
</record>